% This file was created with JabRef 2.10.
% Encoding: UTF-8


@Electronic{gpio_pins,
  Url                      = {http://pi4j.com/pins/model-2b-rev1.html},

  Owner                    = {pi},
  Timestamp                = {2017.01.18}
}

@Electronic{wiringpi,
  Url                      = {http://wiringpi.com/},

  Owner                    = {pi},
  Timestamp                = {2017.01.18}
}

